
<record>
  <controlfield tag="001">192100</controlfield>
  <datafield tag="035" ind1=" " ind2=" ">
    <subfield code="a">Ahlen:1983vu</subfield>
    <subfield code="9">SPIRESTeX</subfield>
  </datafield>
  <datafield tag="037" ind1=" " ind2=" ">
    <subfield code="a">HRS-CP-83-4</subfield>
  </datafield>
  <datafield tag="710" ind1=" " ind2=" ">
    <subfield code="g">HRS</subfield>
  </datafield>
  <datafield tag="245" ind1=" " ind2=" ">
    <subfield code="a">HADRON PRODUCTION IN e+ e- ANNIHILATIONS AT S**(1/2) = 29-GeV</subfield>
  </datafield>
</record>