
<record>
  <controlfield tag="001">192099</controlfield>
  <datafield tag="035" ind1=" " ind2=" ">
    <subfield code="a">Ahlen:1983vt</subfield>
    <subfield code="9">SPIRESTeX</subfield>
  </datafield>
  <datafield tag="710" ind1=" " ind2=" ">
    <subfield code="g">HRS</subfield>
  </datafield>
  <datafield tag="037" ind1=" " ind2=" ">
    <subfield code="a">HRS-CP-83-5</subfield>
  </datafield>
  <datafield tag="037" ind1=" " ind2=" ">
    <subfield code="a">ANL-HEP-CP-83-43</subfield>
  </datafield>
  <datafield tag="245" ind1=" " ind2=" ">
    <subfield code="a">STUDY OF QUARK FRAGMENTATION AT 29-GeV</subfield>
  </datafield>
</record>