
<record>
  <controlfield tag="001">192097</controlfield>
  <datafield tag="035" ind1=" " ind2=" ">
    <subfield code="9">SPIRESTeX</subfield>
    <subfield code="a">Ahlen:1983vr</subfield>
  </datafield>
  <datafield tag="037" ind1=" " ind2=" ">
    <subfield code="a">HRS-CP-83-1</subfield>
  </datafield>
  <datafield tag="710" ind1=" " ind2=" ">
    <subfield code="g">HRS</subfield>
  </datafield>
  <datafield tag="245" ind1=" " ind2=" ">
    <subfield code="a">INCLUSIVE D AND D* PRODUCTION IN e+ e- ANNIHILATION AT 29-GeV</subfield>
  </datafield>
</record>